<?xml version="1.0" encoding="UTF-8"?><collection xmlns="http://www.loc.gov/MARC21/slim"><record><leader>00401nam--2200157-i-4500</leader><controlfield tag="001">000044396</controlfield><controlfield tag="002">20161230</controlfield><controlfield tag="005">20161230201044</controlfield><controlfield tag="008">060222s1000------------r-----000-0-eng-d</controlfield><datafield ind1=" " ind2=" " tag="100"><subfield code="a">Tricomi,F.G</subfield></datafield><datafield ind1="1" ind2="0" tag="245"><subfield code="a">Integral equations</subfield></datafield><datafield ind1=" " ind2=" " tag="260"><subfield code="a">New York, Academic Press, 1954,</subfield></datafield><datafield ind1=" " ind2=" " tag="490"><subfield code="a">Pure and Applied Mathematics</subfield><subfield code="v">vol. V</subfield></datafield><datafield ind1=" " ind2=" " tag="700"><subfield code="a">Tricomi,F.G</subfield></datafield><datafield ind1=" " ind2=" " tag="852"><subfield code="a">13669</subfield></datafield><datafield ind1=" " ind2=" " tag="CAT"><subfield code="a">Sys</subfield><subfield code="c">20080401</subfield><subfield code="h">113142</subfield></datafield></record></collection>